<record xmlns="http://www.loc.gov/MARC21/slim" xmlns:xsi="http://www.w3.org/2001/XMLSchema-instance" xsi:schemaLocation="http://www.loc.gov/MARC21/slim http://www.loc.gov/standards/marcxml/schema/MARC21slim.xsd"><leader>01186nz   2200169n  4500</leader><controlfield tag="001">oca03896539 </controlfield><controlfield tag="005">19950811052916.7</controlfield><controlfield tag="008">950809n| acannaab|          |n aaa     c</controlfield><datafield ind1=" " ind2=" " tag="010"><subfield code="a">nr 95029288 </subfield></datafield><datafield ind1=" " ind2=" " tag="040"><subfield code="a">NNC</subfield><subfield code="c">NNC</subfield></datafield><datafield ind1="0" ind2=" " tag="100"><subfield code="a">Fenestella,</subfield><subfield code="d">1st cent. B.C./1st cent. A.D.</subfield></datafield><datafield ind1=" " ind2=" " tag="670"><subfield code="a">His Annales [CF] 1991:</subfield><subfield code="b">PHI CD ROM #5.3, Latin Canon, bibliographic screen (Fenestella)</subfield></datafield><datafield ind1=" " ind2=" " tag="670"><subfield code="a">Pauly-Wissowa:</subfield><subfield code="b">12.Halbbd., col. 2177-2179 (Fenestella; historical antiquarian author; according to Jerome, lived 70 years (52 B.C.-19 A.D.); according to other opinion, 35 B.C.-35 A.D.)</subfield></datafield><datafield ind1=" " ind2=" " tag="670"><subfield code="a">Oxford class. dict., 1st ed.:</subfield><subfield code="b">p. 360 (Fenestella; 52 B.C.-A.D. 19 or, possibly 35 B.C.-A.D. 36; antiquarian annalist, wrote a Roman history in at least 22 books)</subfield></datafield><datafield ind1=" " ind2=" " tag="670"><subfield code="a">Peter, H. Historicorum romanorum reliquiae, 1906:</subfield><subfield code="b">p. cviii-cxii (Fenestella; accordin to Jerome, lived for 70 years between 52 B.C.-19 A.D.; other authorities, based on Pliny, argue for dates of ca. 35 B.C.-36 A.D.)</subfield></datafield><datafield ind1=" " ind2=" " tag="670"><subfield code="a">Dict. of Greek and Roman biography and mythology, 1967:</subfield><subfield code="b">v. 2, p. 145 (Fenestella; Roman historian, d. according to the Eusebian Chronicle, A.D. 21 in the 70th year of his age)</subfield></datafield><datafield ind1=" " ind2=" " tag="675"><subfield code="a">NUC pre-56.</subfield></datafield></record>